% Energiespektrum der kosmischen Strahlung
@article{EnergieSpektrum,
title = "Particle astrophysics",
journal = "Nuclear Physics B - Proceedings Supplements",
volume = "117",
pages = "318 - 334",
year = "2003",
note = "31st International Conferences on High Energy Physics",
issn = "0920-5632",
doi = "https://doi.org/10.1016/S0920-5632(03)01425-7",
url = "http://www.sciencedirect.com/science/article/pii/S0920563203014257",
author = "Thomas K. Gaisser"
}

@ELECTRONIC{LHC,
    title   = {CERN Accelerating science},
    url = {https://home.cern/about/accelerators},
    date = {2018},
}

@ELECTRONIC{Rohdaten,
    title   = {CTA Data Management: Data processing, archiving and access},
    url = {https://www.cta-observatory.org/project/technology/data/},
    date = {2018},
}
@ELECTRONIC{CTA_consortium,
    title   = {CTA Consortium},
    url = {https://www.cta-observatory.org/about/cta-consortium/},
    date = {2018},
}
@ELECTRONIC{CTA_ob,
    title   = {CTA Performance},
    url = {https://www.cta-observatory.org/science/cta-performance/#1472563397821-893dc9a7-f7ec},
    date = {2018},
}

@ARTICLE{CTAscience,
   author = {{Cherenkov Telescope Array Consortium}, T. and {:} and {Acharya}, B.~S. and
	{Agudo}, I. and {Samarai}, I.~A. and {Alfaro}, R. and {Alfaro}, J. and
	{Alispach}, C. and {Alves Batista}, R. and {Amans}, J.-P. and et al.},
    title = "{Science with the Cherenkov Telescope Array}",
  journal = {ArXiv e-prints},
archivePrefix = "arXiv",
   eprint = {1709.07997},
 primaryClass = "astro-ph.IM",
 keywords = {Astrophysics - Instrumentation and Methods for Astrophysics, Astrophysics - High Energy Astrophysical Phenomena, High Energy Physics - Experiment},
     year = 2017,
    month = sep,
   adsurl = {http://adsabs.harvard.edu/abs/2017arXiv170907997C},
  adsnote = {Provided by the SAO/NASA Astrophysics Data System}
}

@phdthesis{HESS,
  TITLE = {{Very High Energy astronomy from H.E.S.S. to CTA. Opening of a new astronomical window on the non-thermal Universe}},
  AUTHOR = {De Naurois, Mathieu},
  URL = {https://tel.archives-ouvertes.fr/tel-00687872},
  SCHOOL = {{Universit{\'e} Pierre et Marie Curie - Paris VI}},
  YEAR = {2012},
  MONTH = Mar,
  KEYWORDS = {Very High Energy astronomy ; Imaging Atmospheric Cherenkov ; Galactic binary systems ; supernova remnants ; Cosmic rays ; Astronomie Gamma de Tr{\`e}s Haute Energie ; Imagerie Cherenkov Atmosph{\'e}rique ; Syst{\`e}mes binaires galactique ; Restes de supernova ; Rayons cosmiques},
  TYPE = {Habilitation {\`a} diriger des recherches},
  PDF = {https://tel.archives-ouvertes.fr/tel-00687872/file/these_short.pdf},
  HAL_ID = {tel-00687872},
  HAL_VERSION = {v1},
}

@inproceedings{CTA_paper,
      author         = "Schweizer, Thomas and Hermann, G. and Hofmann, W. and
                        Teshima, Masahiro",
      title          = "{Cherenkov Telescope Array: The next-generation
                        ground-based gamma-ray observatory}",
      booktitle      = "{Proceedings, 30th International Cosmic Ray Conference
                        (ICRC 2007): Merida, Yucatan, Mexico, July 3-11, 2007}",
      collaboration  = "CTA Consortium",
      year           = "2007",
      url            = "https://inspirehep.net/record/760753/files/arXiv:0709.2048.pdf",
      volume         = "3",
      pages          = "1313-1316",
      note           = "[3,1313(2007)]",
      eprint         = "0709.2048",
      archivePrefix  = "arXiv",
      primaryClass   = "astro-ph",
      reportNumber   = "MPP-2007-125",
      SLACcitation   = "%%CITATION = ARXIV:0709.2048;%%"
}

@article{Cosmic_rays,
      author         = "Bhattacharjee, Pijushpani and Sigl, Gunter",
      title          = "{Origin and propagation of extremely high-energy cosmic
                        rays}",
      journal        = "Phys. Rept.",
      volume         = "327",
      year           = "2000",
      pages          = "109-247",
      doi            = "10.1016/S0370-1573(99)00101-5",
      eprint         = "astro-ph/9811011",
      archivePrefix  = "arXiv",
      primaryClass   = "astro-ph",
      SLACcitation   = "%%CITATION = ASTRO-PH/9811011;%%"
}
