@Online{CTA,
    title   = {How CTA will detect Cherenkov light},
    url = {https://www.cta-observatory.org/about/how-cta-works/},
    urldate = {2018-08-27}
}
@Online{Hillas,
  title = {GitHubGist: MaxNoe/header-matplotlib.tex},
  url = {https://gist.github.com/MaxNoe/fb1e2042e0d8e1e38b3d2ab4c976cba2},
  urldate = {2018-08-17}
}
@Online{RF,
    title   = {Application and Efficacy of Random Forest Method for QSAR Analysis},
    url = {http://slideplayer.com/slide/5872005/},
    urldate = {2018-08-27}
}
@Online{DT,
    title   = {Decision Trees in board games?},
    url = {https://boardgames.stackexchange.com/questions/28913/decision-trees-in-board-games},
    urldate = {2018-08-27}
}
@Online{Folie5,
  title =     {{DESY}: Astroteilchenphysik},
  url = "https://astro.desy.de/index_ger.htmll",
  urldate = {2018-08-15}
}
@phdthesis{SV,
      author         = "de Naurois, Mathieu",
      title          = "{Very High Energy astronomy from H.E.S.S. to CTA. Opening
                        of a new astronomical window on the non-thermal Universe}",
      school         = "Ecole Polytechnique",
      year           = "2012",
      url            = "http://tel.archives-ouvertes.fr/tel-00687872",
      SLACcitation   = "%%CITATION = INSPIRE-1122589;%%"
}
@Online{spec,
  title =     {CTA Technology},
  url = "https://www.cta-observatory.org/project/technology/",
  urldate = {2018-08-29}
}
@phdthesis{ablauf,
      author         = "Collado, Tarek Hassan",
      title          = "{Sensivity studies for the Cherenkov Telescope Array}",
      school         = "Universidad Complutense de Madrid",
      year           = "2015"
}
@Online{wolfram,
  title =     {Wolfram|Alpha},
  publisher = {Wolfram Alpha LLC},
  url = "https://www.wolframalpha.com/input/?i=ln(x%2B3)",
  urldate = {2018-08-29}
}
@Online{logo,
  title =     {{wikimedia}: File:Cherenkov Telescope Array logo.jpg},
  url = "https://commons.wikimedia.org/wiki/File:Cherenkov_Telescope_Array_logo.jpg#filelinks",
  urldate = {2018-08-15}
}

@article{skearn,
 title={Scikit-learn: Machine Learning in {P}ython},
 author={Pedregosa, F. and Varoquaux, G. and Gramfort, A. and Michel, V.
         and Thirion, B. and Grisel, O. and Blondel, M. and Prettenhofer, P.
         and Weiss, R. and Dubourg, V. and Vanderplas, J. and Passos, A. and
         Cournapeau, D. and Brucher, M. and Perrot, M. and Duchesnay, E.},
 journal={Journal of Machine Learning Research},
 volume={12},
 pages={2825--2830},
 year={2011}
}
