@phdthesis{HESS,
  TITLE = {{Very High Energy astronomy from H.E.S.S. to CTA. Opening of a new astronomical window on the non-thermal Universe}},
  AUTHOR = {De Naurois, Mathieu},
  URL = {https://tel.archives-ouvertes.fr/tel-00687872},
  SCHOOL = {{Universit{\'e} Pierre et Marie Curie - Paris VI}},
  YEAR = {2012},
  MONTH = Mar,
  KEYWORDS = {Very High Energy astronomy ; Imaging Atmospheric Cherenkov ; Galactic binary systems ; supernova remnants ; Cosmic rays ; Astronomie Gamma de Tr{\`e}s Haute Energie ; Imagerie Cherenkov Atmosph{\'e}rique ; Syst{\`e}mes binaires galactique ; Restes de supernova ; Rayons cosmiques},
  TYPE = {Habilitation {\`a} diriger des recherches},
  PDF = {https://tel.archives-ouvertes.fr/tel-00687872/file/these_short.pdf},
  HAL_ID = {tel-00687872},
  HAL_VERSION = {v1},
}
